<?xml version="1.0" encoding="UTF-8"?><collection xmlns="http://www.loc.gov/MARC21/slim"><record><leader>00406nam--2200157-i-4500</leader><controlfield tag="001">000004907</controlfield><controlfield tag="002">20161230</controlfield><controlfield tag="005">20170125230637</controlfield><controlfield tag="008">060222s1000------------r-----000-0-eng-d</controlfield><datafield ind1=" " ind2=" " tag="100"><subfield code="a">Calmon, Calvin</subfield></datafield><datafield ind1=" " ind2=" " tag="245"><subfield code="a">Ion exchangers in organic and biochemistry</subfield></datafield><datafield ind1=" " ind2=" " tag="260"><subfield code="a">New York</subfield><subfield code="b">Interscience</subfield><subfield code="c">1957</subfield></datafield><datafield ind1=" " ind2=" " tag="300"><subfield code="a">XII + 761 p</subfield></datafield><datafield ind1=" " ind2=" " tag="700"><subfield code="a">Kressman, T. R. R</subfield></datafield><datafield ind1=" " ind2=" " tag="852"><subfield code="a">15111</subfield></datafield><datafield ind1=" " ind2=" " tag="CAT"><subfield code="a">SYS</subfield><subfield code="c">20170125</subfield><subfield code="h">230637</subfield></datafield></record></collection>